<?xml version="1.0" encoding="UTF-8"?><collection xmlns="http://www.loc.gov/MARC21/slim"><record><leader>00519nam--2200157-i-4500</leader><controlfield tag="001">000029548</controlfield><controlfield tag="002">20161230</controlfield><controlfield tag="005">20161230201037</controlfield><controlfield tag="008">060222s1000------------r-----000-0-eng-d</controlfield><datafield ind1="1" ind2=" " tag="100"><subfield code="a">Jones, G. Stephen</subfield></datafield><datafield ind1="1" ind2="0" tag="245"><subfield code="a">SEMINAR ON DIFFERENTIAL EQUATIONS AND DYNAMICAL SYSTEMS. Seminar Lectures at the University of Maryland in August 1967</subfield></datafield><datafield ind1=" " ind2=" " tag="260"><subfield code="a">Berlin, Springer-verlag, 1968</subfield></datafield><datafield ind1=" " ind2=" " tag="490"><subfield code="a">Lecture Notes In Mathematics</subfield><subfield code="v">vol. 60</subfield></datafield><datafield ind1=" " ind2=" " tag="700"><subfield code="a">Stepen, Jones G</subfield></datafield><datafield ind1=" " ind2=" " tag="852"><subfield code="a">29432</subfield><subfield code="c">517.2/3</subfield></datafield><datafield ind1=" " ind2=" " tag="CAT"><subfield code="a">Sys</subfield><subfield code="c">20080820</subfield><subfield code="h">123235</subfield></datafield></record></collection>